@online{viemeto,
    title = {Vieme matiku},
    url = {https://www.viemeto.org/zhrnutie-projektu},
    urldate = {2024-12-08},
    organization = {Vieme to},
}
@online{khanacademy,
    title = {Khan Academy},
    url = {https://www.khanacademy.org/},
    urldate = {2024-12-08},
    organization = {Khan Academy},
}
@online{brilliant,
    title = {Brilliant},
    url = {https://www.brilliant.org/},
    urldate = {2024-12-08},
    organization = {Brilliant},
}
@techreport{HTML,
  author = {Jan Dvořák},
  institution = {Webglobe},
  title = {Čo to je jazyk HTML a jeho základy},
  year = {2022},
  url={https://www.webglobe.sk/blog/html-zaklady},
}

@online{css,
  title={CSS},
    url={https://coderama.com/slovnik/css},
    organization={Coderama},
}

@online{scss,
  title={Úvod do CSS preprocesora Sass},
    url={https://www.itnetwork.sk/html-css/webove-portfolio/tutorial-moderne-webove-portfolio-sass},
    author={Honza Bittner},
    organization={ITnetwork},
}